@book{Flask1,
		author    = "Italo Maia",
		title     = "Building Web Applications  with Flask",
		publisher = " 2015 Packt Publishing",
		year      = " June 2015"
}

