@misc{git,
       author = "Roger Dudler",
       title = "git - la guía sencilla",
       year = "2018",
       url =  "https://rogerdudler.github.io/git-guide/index.es.html",
       note = "[Online; Accedido 12-Enero-2019]"
      
       }
@misc{git_1,
       author = "Diego C Martín",
       title = "Tutorial de Git. Manual básico con ejemplos",
       year = "2018",
       url =  "https://www.diegocmartin.com/tutorial-git/",
       note = "[Online; Accedido 12-Enero-2019]"
           
       }
       

@book{latex,
		author    = {Alexánder, Borbón  and Walter, Mora},
		title     = "Edición de Textos Científicos LaTEX 2017",
		publisher = "Escuela de Matemática,Instituto Tecnológico de Costa Rica",
		year      = "2017",
		isbn      = "978-9977662275"      
		}
		
@misc{unittest,
       author = "Python Software Foundation",
       title = "unittest — Unit testing framewor",
       year = "2019",
       url =  "https://docs.python.org/3/library/unittest.html",
       note = "[Online; Accedido 22-Marzo-2019]"
          
       }
       
@misc{pytest,
       author = "Holger Krekel and others",
       title = "pytest",
       year = "2017",
       url =  "https://docs.pytest.org/en/latest/",          
       note = "[Online; Accedido 22-Marzo-2019]" 
       }      
@misc{SEG,
       author = "Ministerio de Trabajo  Migraciones y Seguridad Social",
       title = "Régimen General de la Seguridad Social",
       year = "2019",
       url =  "http://www.seg-social.es/wps/portal/wss/internet/Trabajadores/CotizacionRecaudacionTrabajadores/36537",
       note = "[Online; Accedido 11-Mayo-2019]" 
         }  
         
@misc{IRPF,
       author = "Agencia Tributaria",
       title = "Retenciones e ingresoos a cuenta del IRPF en el ejercicio 2019",
       year = "2019",
       url =  "https://www.agenciatributaria.es/AEAT.internet/Inicio/La_Agencia_Tributaria/Campanas/Retenciones/Cuadro_informativo_tipos_de_retencion_aplicables__2019_.shtml",
       note = "[Online; Accedido 11-Mayo-2019]" 
         }           